<record><leader>00000cas a22000007a 4500</leader><controlfield tag="001">24168177</controlfield><controlfield tag="008">910802d184918uuohumr ne      0    0eng d</controlfield><datafield ind1=" " ind2=" " tag="010"><subfield code="a">sn 91069998 </subfield></datafield><datafield ind1=" " ind2=" " tag="040"><subfield code="a">ONP</subfield><subfield code="b">eng</subfield><subfield code="c">ONP</subfield><subfield code="d">OCLCQ</subfield></datafield><datafield ind1=" " ind2=" " tag="042"><subfield code="a">msc</subfield></datafield><datafield ind1="0" ind2=" " tag="130"><subfield code="a">Rosebud (Hamilton, Ohio)</subfield></datafield><datafield ind1="1" ind2="4" tag="245"><subfield code="a">The Rosebud.</subfield></datafield><datafield ind1="3" ind2="0" tag="246"><subfield code="a">Rose bud</subfield></datafield><datafield ind1=" " ind2=" " tag="260"><subfield code="a">Hamilton [Ohio] :</subfield><subfield code="b">Miss L.W.S. &amp; Miss E.M.E.,</subfield><subfield code="c">1849-</subfield></datafield><datafield ind1=" " ind2=" " tag="300"><subfield code="a">v.</subfield></datafield><datafield ind1=" " ind2=" " tag="310"><subfield code="a">Monthly</subfield></datafield><datafield ind1="0" ind2=" " tag="362"><subfield code="a">Vol. 1, no. 1 (June 1849)-</subfield></datafield><datafield ind1=" " ind2=" " tag="752"><subfield code="a">United States</subfield><subfield code="b">Ohio</subfield><subfield code="c">Butler</subfield><subfield code="d">Hamilton.</subfield></datafield></record>